@article{corless1996lambertw,
  title={{On the Lambert W function}},
  author={R. M. Corless and G. H. Gonnet and D. E. G. Hare and D. J. Jeffrey and D. E. Knuth},
  journal={Advances in Computational Mathematics},
  volume={5},
  number={1},
  pages={329--359},
  year={1996},
  publisher={Springer}
}

@inproceedings{corless1997sequence,
  title={A sequence of series for the {Lambert W function}},
  author={R. M. Corlessand D. J. Jeffrey and D. E. Knuth},
  booktitle={Proceedings of the 1997 international symposium on symbolic and algebraic computation},
  pages={197--204},
  year={1997},
  organization={ACM}
}

@article{kalugin2012convergence,
  title={Convergence in {C} of series for the {Lambert W function}},
  author={G. A. Kalugin and D. J. Jeffrey},
  journal={arXiv preprint arXiv:1208.0754},
  year={2012}
}

@article{lawrence2012algorithm,
  title={Algorithm 917: complex double-precision evaluation of the {W}right $\omega$ function},
  author={P. W. Lawrence and R. M. Corless and D. J. Jeffrey},
  journal={ACM Transactions on Mathematical Software},
  volume={38},
  number={3},
  pages={20},
  year={2012},
  publisher={ACM}
}

@book{moore1979methods,
  title={Methods and applications of interval analysis},
  author={R. E. Moore},
  year={1979},
  publisher={SIAM}
}

@inproceedings{Johansson2015elementary,
  title={Efficient implementation of elementary functions in the medium-precision range},
  author={F. Johansson},
  booktitle={22nd IEEE Symposium on Computer Arithmetic},
  series={ARITH22},
  doi={10.1109/ARITH.2015.16},
  pages={83--89},
  year={2015},
  location={Lyon, France},
}

@article{Johansson2015reversion,
  title={A fast algorithm for reversion of power series},
  author={F. Johansson},
  journal={Mathematics of Computation},
  volume={84},
  pages={475--484},
  year={2015},
  doi={10.1090/S0025-5718-2014-02857-3},
  note={\url{http://dx.doi.org/10.1090/S0025-5718-2014-02857-3}, \url{http://arxiv.org/abs/1108.4772}},
}


@article{Johansson2013arb,
  title={{A}rb: a {C} library for ball arithmetic},
  author={F. Johansson},
  journal={ACM Communications in Computer Algebra},
  volume={47},
  number={4},
  pages={166--169},
  year={2013},
  publisher={ACM},
  doi={10.1145/2576802.2576828},
  note={\url{http://dx.doi.org/10.1145/2576802.2576828}},
}

@article{chapeau2002numerical,
  title={Numerical evaluation of the {Lambert W} function and application to generation of generalized {G}aussian noise with exponent 1/2},
  author={F. Chapeau-Blondeau and A. Monir},
  journal={IEEE Transactions on Signal Processing},
  volume={50},
  number={9},
  pages={2160--2165},
  year={2002},
  publisher={IEEE}
}

@article{veberivc2012lambert,
  title={{Lambert W} function for applications in physics},
  author={D. Veberi{\v{c}}},
  journal={Computer Physics Communications},
  volume={183},
  number={12},
  pages={2622--2628},
  year={2012},
  publisher={Elsevier}
}

@article{ziv1991fast,
  title={Fast evaluation of elementary mathematical functions with correctly rounded last bit},
  author={A. Ziv},
  journal={ACM Transactions on Mathematical Software},
  volume={17},
  number={3},
  pages={410--423},
  year={1991},
  publisher={ACM}
}

@article{Johansson2017arb,
  author={F. Johansson},
  journal={IEEE Transactions on Computers},
  title={Arb: Efficient Arbitrary-Precision Midpoint-Radius Interval Arithmetic},
  year={2017},
  volume={PP},
  number={99},
  pages={1-1},
  note={\url{http://dx.doi.org/10.1109/TC.2017.2690633} (to appear)},
  ISSN={0018-9340},
  month={},
}

